<record><leader>00000cas a2200000 a 4500</leader><controlfield tag="001">8801057</controlfield><controlfield tag="008">820923d18411848kyuwr ne      0   a0eng  </controlfield><datafield ind1=" " ind2=" " tag="010"><subfield code="a">sn 82014637 </subfield></datafield><datafield ind1=" " ind2=" " tag="040"><subfield code="a">DLC</subfield><subfield code="b">eng</subfield><subfield code="c">DLC</subfield><subfield code="d">NPX</subfield><subfield code="d">DLC</subfield><subfield code="d">KNP</subfield><subfield code="d">DLC</subfield><subfield code="d">KNP</subfield><subfield code="d">CVF</subfield><subfield code="d">OCL</subfield><subfield code="d">DLC</subfield><subfield code="d">OCLCO</subfield><subfield code="d">OCLCQ</subfield><subfield code="d">OCLCF</subfield></datafield><datafield ind1="1" ind2=" " tag="029"><subfield code="a">AU@</subfield><subfield code="b">000025820231</subfield></datafield><datafield ind1=" " ind2=" " tag="042"><subfield code="a">pcc</subfield></datafield><datafield ind1=" " ind2=" " tag="043"><subfield code="a">n-us-ky</subfield></datafield><datafield ind1="0" ind2="0" tag="050"><subfield code="a">Newspaper 7941</subfield></datafield><datafield ind1="0" ind2=" " tag="130"><subfield code="a">Herald and advertiser (Russellville, Ky.)</subfield></datafield><datafield ind1="1" ind2="4" tag="245"><subfield code="a">The herald and advertiser.</subfield></datafield><datafield ind1="3" ind2="0" tag="246"><subfield code="a">Herald &amp; advertiser</subfield></datafield><datafield ind1=" " ind2=" " tag="260"><subfield code="a">Russellville, Ky. :</subfield><subfield code="b">[R.J. Smith],</subfield><subfield code="c">1841-</subfield></datafield><datafield ind1=" " ind2=" " tag="300"><subfield code="a">v. ;</subfield><subfield code="c">57 cm.</subfield></datafield><datafield ind1=" " ind2=" " tag="310"><subfield code="a">Weekly</subfield></datafield><datafield ind1="0" ind2=" " tag="362"><subfield code="a">Vol. 2, no. 35 (Aug. 25, 1841)-</subfield></datafield><datafield ind1="1" ind2=" " tag="362"><subfield code="a">Ceased in 1848.</subfield></datafield><datafield ind1=" " ind2=" " tag="515"><subfield code="a">Continues numbering of: Logan herald (Russellville, Ky.).</subfield></datafield><datafield ind1=" " ind2=" " tag="530"><subfield code="a">Also issued on microfilm from the Library of Congress, Photoduplication Service.</subfield></datafield><datafield ind1=" " ind2="0" tag="651"><subfield code="a">Russellville (Ky.)</subfield><subfield code="v">Newspapers.</subfield></datafield><datafield ind1=" " ind2="0" tag="651"><subfield code="a">Logan County (Ky.)</subfield><subfield code="v">Newspapers.</subfield></datafield><datafield ind1=" " ind2="7" tag="655"><subfield code="a">Newspapers.</subfield><subfield code="2">fast</subfield><subfield code="0">(OCoLC)fst01423814</subfield></datafield><datafield ind1=" " ind2="7" tag="651"><subfield code="a">Kentucky</subfield><subfield code="z">Logan County.</subfield><subfield code="2">fast</subfield><subfield code="0">(OCoLC)fst01216586</subfield></datafield><datafield ind1=" " ind2="7" tag="651"><subfield code="a">Kentucky</subfield><subfield code="z">Russellville.</subfield><subfield code="2">fast</subfield><subfield code="0">(OCoLC)fst01218759</subfield></datafield><datafield ind1=" " ind2=" " tag="752"><subfield code="a">United States</subfield><subfield code="b">Kentucky</subfield><subfield code="c">Logan</subfield><subfield code="d">Russellville.</subfield></datafield><datafield ind1="0" ind2="4" tag="780"><subfield code="t">Logan herald (Russellville, Ky.)</subfield><subfield code="w">(DLC)sn 82014638</subfield></datafield><datafield ind1="0" ind2="4" tag="780"><subfield code="t">Russellville advertiser</subfield></datafield><datafield ind1="0" ind2="0" tag="785"><subfield code="t">Russellville herald (Russellville, Ky. : 1849)</subfield><subfield code="w">(DLC)sn 84038313</subfield></datafield></record>